<record><leader>00000cas a22000007a 4500</leader><controlfield tag="001">11980522</controlfield><controlfield tag="008">850430d18871964wiuwr ne      0    0eng d</controlfield><datafield ind1=" " ind2=" " tag="010"><subfield code="a">sn 85040568 </subfield></datafield><datafield ind1=" " ind2=" " tag="040"><subfield code="a">NPV</subfield><subfield code="b">eng</subfield><subfield code="c">NPV</subfield><subfield code="d">OCLCQ</subfield></datafield><datafield ind1=" " ind2=" " tag="042"><subfield code="a">msc</subfield></datafield><datafield ind1="0" ind2=" " tag="130"><subfield code="a">Fox Lake representative (Fox Lake, Wis. : 1887)</subfield></datafield><datafield ind1="1" ind2="0" tag="245"><subfield code="a">Fox Lake representative.</subfield></datafield><datafield ind1=" " ind2=" " tag="260"><subfield code="a">Fox Lake, Dodge Co., Wis. :</subfield><subfield code="b">Hotchkiss &amp; Hotchkiss,</subfield><subfield code="c">-1964.</subfield></datafield><datafield ind1=" " ind2=" " tag="300"><subfield code="a">v.</subfield></datafield><datafield ind1=" " ind2=" " tag="310"><subfield code="a">Weekly</subfield></datafield><datafield ind1="0" ind2=" " tag="362"><subfield code="a">-v. 98, no. 40 (Oct. 15, 1964).</subfield></datafield><datafield ind1="1" ind2=" " tag="362"><subfield code="a">Began in 1887.</subfield><subfield code="z">Cf. Oehlerts, d. Guide to Wis. newspapers.</subfield></datafield><datafield ind1=" " ind2=" " tag="515"><subfield code="a">Suspended Jan. 14, 1943-Mar. 1945?</subfield></datafield><datafield ind1=" " ind2=" " tag="588"><subfield code="a">Description based on: Vol. 23, no. 1 (Oct. 19, 1888).</subfield></datafield><datafield ind1=" " ind2=" " tag="752"><subfield code="a">United States</subfield><subfield code="b">Wisconsin</subfield><subfield code="c">Dodge</subfield><subfield code="d">Fox Lake.</subfield></datafield><datafield ind1="0" ind2="0" tag="780"><subfield code="t">Fox Lake breeze</subfield><subfield code="w">(DLC)sn 85040567</subfield></datafield><datafield ind1="0" ind2="0" tag="785"><subfield code="t">Representative (Fox Lake, Wis. : 1964)</subfield><subfield code="w">(DLC)sn 85040569</subfield></datafield></record>